@INPROCEEDINGS{PMDDescription,
  author={Grimmer, Andreas and Klepic, Berislav and Ho, Tsung-Yi and Wille, Robert},
  booktitle={2018 23rd Asia and South Pacific Design Automation Conference (ASP-DAC)}, 
  title={Sound valve-control for programmable microfluidic devices}, 
  year={2018},
  volume={},
  number={},
  pages={40-45},
  doi={10.1109/ASPDAC.2018.8297280}
}
@Article{C0LC00537A,
author ="Fidalgo, Luis M. and Maerkl, Sebastian J.",
title  ="A software-programmable microfluidic device for automated biology",
journal  ="Lab Chip",
year  ="2011",
volume  ="11",
number = {9},
pages  ="1612-1619",
publisher  ="The Royal Society of Chemistry"
}


@INPROCEEDINGS{9116370,  author={Choudhary, Gautam and Pal, Sandeep and Kundu, Debraj and Bhattacharjee, Sukanta and Yamashita, Shigeru and Li, Bing and Schlichtmann, Ulf and Roy, Sudip},  booktitle={2020 Design, Automation   Test in Europe Conference   Exhibition (DATE)},   title={Transport-Free Module Binding for Sample Preparation using Microfluidic Fully Programmable Valve Arrays},   year={2020},  volume={},  number={},  pages={1335-1338},  doi={10.23919/DATE48585.2020.9116370}}

@article{Hsieh2012ARM,
  title={A Reagent-Saving Mixing Algorithm for Preparing Multiple-Target Biochemical Samples Using Digital Microfluidics},
  author={Yi-Ling Hsieh and Tsung-Yi Ho and Krishnendu Chakrabarty},
  year={2012},
  volume={31},
  pages={1656-1669} 
}
